@STRING{SV = {Springer}}

@STRING{LNCS = {Lecture Notes in Computer Science}}

@inproceedings{jml,
  author    = {Gary T. Leavens and K. Rustan M. Leino and Erik Poll
                 and Clyde Ruby and Bart Jacobs},
  title     = {{JML}: notations and tools supporting detailed design in {Java}},
  booktitle = {{OOPSLA} 2000 Companion, Minneapolis, Minnesota},
  pages     = {105--106},
  year      = 2000,
}

@inproceedings{chalin07,
  author    = {Patrice Chalin},
  title     = {A Sound Assertion Semantics for the Dependable Systems Evolution
                  Verifying Compiler},
  booktitle = {Proceedings of the International Conference on Software
                  Engineering (ICSE'07)},
  pages     = {23-33},
  year      = 2007,
  address   = {Los Alamitos, CA, USA},
  publisher = {IEEE Computer Society},
}

@inproceedings{chalin05,
  author    = {Patrice Chalin},
  title     = {Reassessing {JML}'s Logical Foundation},
  booktitle = {Proceedings of the 7th Workshop on Formal Techniques for
                  Java-like Programs (FTfJP'05)},
  year      = 2005,
  address   = {Glasgow, Scotland},
  month     = JUL,
}

@manual{acsl,
  title  = {{ACSL, ANSI/ISO C Specification Language}},
  author = {Patrick Baudin and Pascal Cuoq and Jean-Christophe Filliâtre and
  Claude Marché and Benjamin Monate and Yannick Moy and Virgile Prevosto},
  note   = {\url{https://frama-c.com/html/acsl.html}},
}

@manual{acslimplem,
  title  = {{ACSL, Implementation in Frama-C}},
  author = {Patrick Baudin and Pascal Cuoq and Jean-Christophe Filliâtre and
 Claude Marché and Benjamin Monate and Yannick Moy and Virgile Prevosto},
  note   = {\url{https://frama-c.com/download/frama-c-acsl-implementation.pdf}},
}

@manual{framac,
  title  = {Frama-C User Manual},
  author = {Loïc Correnson and Pascal Cuoq and Florent Kirchner and
André Maroneze and
Virgile Prevosto and Armand Puccetti and Julien Signoles and Boris Yakobowski},
  note   = {\url{https://frama-c.com/download/frama-c-user-manual.pdf}},
}

@manual{eacsl-plugin,
  title  = {Frama-C's E-ACSL Plug-in},
  author = {Julien Signoles and Basile Desloges and Kostyantyn Vorobyov},
  note   = {\url{https://frama-c.com/fc-plugins/e-acsl.html}},
}

@manual{eva,
  title  = {Eva --- The Evolved Value Analysis Plug-in},
  author = {David B\"uhler and Pascal Cuoq and Boris Yakobowski and
  Matthieu Lemerre and André Maroneze and Valentin Perelle and
  Virgile Prevosto},
  note   = {\url{https://frama-c.com/fc-plugins/eva.html}},
}

@manual{wp,
  title  = {Wp Plug-in Manual},
  author = {Patrick Baudin and François Bobot and Lo\"ic Correnson and
  Zaynah Dargaye and Allan Blanchard},
  note   = {\url{https://frama-c.com/fc-plugins/wp.html}},
}

@book{KR88,
  author    = {Brian Kernighan and Dennis Ritchie},
  title     = {The C Programming Language (2nd Ed.)},
  publisher = {Prentice-Hall},
  year      = 1988,
}

@manual{standardc99,
  title        = {The {ANSI C} standard ({C99})},
  organization = {International Organization for Standardization ({ISO})},
  key          = {C99},
  note         = {\url{http://www.open-std.org/JTC1/SC22/WG14/www/docs/n1124.pdf}},
}
