@manual{userman,
  title  = {Frama-C User Manual},
  author = {Loïc Correnson and Pascal Cuoq and Florent Kirchner and 
            Armand Puccetti and Virgile Prevosto and Julien Signoles and
            Boris Yakobowski},
  year   = 2015,
  month  = feb,
  note   = {\url{http://frama-c.com/download/frama-c-user-manual.pdf}}
}

@manual{caml,
  title  = {The Objective Caml system},
  author = {Xavier Leroy and Damien Doligez and Jacques Garrigue and 
             Didier Rémy and Jérôme Vouillon},
  note   = {\url{http://caml.inria.fr/pub/docs/manual-ocaml/index.html}},
}

@manual{make,
  title  = {{GNU 'make'}},
  author = {{Free Software Foundation}},
  year   = 2006,
  month  = Apr,
  note   = {\url{http://www.gnu.org/software/make/manual/make.html#Flavors}},
}

@misc{lablgtk,
  title  = {{LablGTK2}},
  author = {Jacques Garrigue and Benjamin Monate and Olivier Andrieu and 
            Jun Furuse},
  note   = {\url{http://lablgtk.forge.ocamlcore.org}},
}

@manual{value,
  author = {Pascal Cuoq and Boris Yakobowski and Virgile Prevosto},
  title  = {{Frama-C}'s value analysis plug-in},
  year   = 2015,
  month  = feb,
  note   = {\mbox{\url{http://frama-c.com/download/frama-c-eva-manual.pdf}}},
}

@misc{slicing,
  author = {Patrick Baudin and Anne Pacalet},
  title = {Slicing plug-in},
  note = {\mbox{\url{http://frama-c.com/slicing.html}}},
}

@manual{wp,
  author = {Loïc Correnson and Zaynah Dargaye and Anne Pacalet},
  title  = {{Frama-C}'s {WP} plug-in},
  year   = 2015,
  month  = feb,
  note   = {\mbox{\url{http://frama-c.com/download/frama-c-wp-manual.pdf}}},
}

@manual{rte,
  author = {Philippe Hermann and Julien Signoles},
  title  = {{Frama-C}'s {RTE} plug-in},
  year   = 2013,
  month  = apr,
  note   = {\mbox{\url{http://frama-c.com/download/frama-c-rte-manual.pdf}}},
}

@manual{aorai,
  author = {Nicolas Stouls and Virgile Prevosto},
  title  = {{Frama-C}'s {Aora\"i} plug-in},
  year   = 2013,
  month  = apr,
  note   = {\mbox{\url{http://frama-c.com/download/frama-c-aorai-manual.pdf}}},
}

@inproceedings{ocamlgraph,
  author    = {Sylvain Conchon and Jean-Christophe Filli\^{a}tre and Julien Signoles},
  title     = {Designing a Generic Graph Library Using {ML} Functors},
  booktitle = {Trends in Functional Programming},
  year      = {2008},
  pages     = {124--140},
  crossref  = {TFP2007},
  note      = {\url{http://ocamlgraph.lri.fr}},
}
@proceedings{TFP2007,
  editor    = {Marco T. Moraz\'an},
  title     = {Proceedings of the Eighth Symposium on Trends
               in Functional Programming, TFP 2007, New York City, USA, 2-4
               April 2007},
  booktitle = {Trends in Functional Programming},
  publisher = {Intellect, UK/The University of Chicago Press, USA},
  series    = {Trends in Functional Programming},
  volume    = {8},
  year      = {2008},
  isbn      = {978-1-84150-196-3}
}

@inproceedings{why,
  author = {Jean-Christophe Filli\^atre and Claude March\'e},
  title = {The {Why/Krakatoa/Caduceus} Platform for Deductive Program
  Verification},
  editor = {Werner Damm and Holger Hermanns},
  booktitle = {19th International Conference on Computer Aided Verification},
  publisher = {Springer-Verlag},
  series = {Lecture Notes in Computer Science},
  address = {Berlin, Germany},
  month = jul,
  year = {2007},
  url = {http://www.lri.fr/~filliatr/ftp/publis/cav07.pdf}
}

% memoisation

@techreport{michie67,
  author = {Donald Michie},
  title  = {Memo functions: a language feature with "rote-learning" properties},
  type   = {{Research Memorandum MIP-R-29}},
  institution = {Department of Machine Intelligence \& Perception},
  address= {Edinburgh},
  year   = 1967,
}

@article{michie68,
  author = {Donald Michie},
  title  = {Memo Functions and Machine Learning},
  journal= {Nature},
  volume = 218, 
  year   = 1968,
  pages  = {19--22},
}

% hashconsing

@article{ershov58,
 author = {Andrey P. Ershov},
 title = {On programming of arithmetic operations},
 journal = {Communication of the ACM},
 volume = {1},
 number = {8},
 year = {1958},
 issn = {0001-0782},
 pages = {3--6},
 publisher = {ACM},
 address = {New York, NY, USA},
}

@techreport{goto74,
  author = {Eiichi Goto},
  title  = {{Monocopy and Associative Algorithms in Extended Lisp}},
  year   = 1974,
  type   = {{Technical Report TR-74-03}},
  institution= {{University of Toyko}},
}

@inproceedings{cf06,
  author= {Sylvain Conchon and Jean-Christophe Filli\^atre},
  title = {{Type-Safe Modular Hash-Consing}},
  booktitle= {ACM SIGPLAN Workshop on ML},
  address  = {Portland, Oregon, United States},
  month = sep,
  year  = 2006,
}

@inproceedings{cd08,
  author = {Pascal Cuoq and Damien Doligez},
  title  = {Hashconsing in an Incrementally Garbage-Collected System, A Story of
  Weak Pointers and Hashconsing in OCaml 3.10.2},
  booktitle= {ACM SIGPLAN Workshop on ML},
  address= {Victoria, British Columbia, Canada},
  month  = sep,
  year   = 2008
}

% Cil

@inproceedings{cil,
 author = {George C. Necula and Scott McPeak and Shree Prakash Rahul and Westley Weimer},
 title = {{CIL: Intermediate Language and Tools for Analysis and Transformation of C Programs}},
 booktitle = {CC '02: Proceedings of the 11th International Conference on Compiler Construction},
 year = {2002},
 isbn = {3-540-43369-4},
 pages = {213--228},
 publisher = {Springer-Verlag},
 address = {London, UK},
 }

@manual{acsl,
  title={{ACSL: ANSI C Specification Language. Version 1.8}},
  author={Patrick Baudin and Jean-Christophe Filli\^atre and Thierry Hubert and
          Claude March\'e and Benjamin Monate and Yannick Moy and 
          Virgile Prevosto},
  year = 2014,
  month= mar,
}

@article{patricia,
 author = {Donald R. Morrison},
 title = {PATRICIA---Practical Algorithm To Retrieve Information Coded in Alphanumeric},
 journal = {Journal of the ACM},
 volume = {15},
 number = {4},
 year = {1968},
 issn = {0004-5411},
 pages = {514--534},
 doi = {http://doi.acm.org/10.1145/321479.321481},
 publisher = {ACM Press},
 address = {New York, NY, USA},
 }

@inproceedings{okasaki,
  author = "Chris Okasaki and Andy Gill",
  title = "Fast mergeable integer maps",
  pages = "77--86",
  booktitle = "Workshop on {ML}",
  year = "1998",
  url = "citeseer.ist.psu.edu/okasaki98fast.html" }

@inproceedings{project,
  author = {Julien Signoles},
  title  = {Foncteurs impératifs et composés: la notion de projet dans 
            {Frama-C}},
  booktitle = {JFLA 09, Actes des vingtièmes Journées Francophones des Langages 
               Applicatifs},
  year   = 2009,
  editor = {Hermann},
  series = {Studia Informatica Universalis},
  volume = {7.2},
  pages  = {245--280},
  note   = {In French},
}

@article{cuoq:ml11,
  title  = {{Lightweight Typed Customizable Unmarshaling}},
  author = {Pascal Cuoq and Damien Doligez and Julien Signoles},
  year   = 2011,
  month  = sep,
  journal = {ML Workshop'11},
}

@inproceedings{signoles:jfla11,
  author = {Julien Signoles},
  title  = {Une bibliothèque de typage dynamique en {OCaml}},
  booktitle = {JFLA 11, Actes des vingt-deuxièmes Journées Francophones des 
               Langages Applicatifs},
  year   = 2011,
  month  = jan,
  editor = {Hermann},
  series = {Studia Informatica Universalis},
  pages  = {209--242},
  note   = {In French},
}

@inproceedings{framac-experience,
  author = {Pascal Cuoq and Julien Signoles},
  title  = {{Experience Report: OCaml for an industrial-strength static analysis framework}},
  booktitle = {Proceedings of International Conference of Functional 
               Programming (ICFP'09)},
  year   = 2009,
  month  = sep,
  pages  = {281--286},
  location = {Edinburgh, Scotland},
  publisher = {ACM Press},
  address = {New York, NY, USA},
}

@inproceedings{fmics12,
  author = {Loïc Correnson and Julien Signoles},
  title  = {{Combining Analysis for C Program Verification}},
  booktitle = {{Formal Methods for Industrial Critical Systems (FMICS)}},
  year   = 2012,
  month  = aug,
}

@inproceedings{sefm12,
  author =	 {Pascal Cuoq and Florent Kirchner and Nikolai
                  Kosmatov and Virgile Prevosto and Julien Signoles
                  and Boris Yakobowski},
  title =	 {{Frama-C, A Program Analysis Perspective}},
  booktitle =	 {the 10th International Conference on Software
                  Engineering and Formal Methods ({SEFM} 2012)},
  publisher =	 {Springer},
  series =	 {LNCS},
  volume =	 7504,
  year =	 2012,
  pages =	 {233-247},
}

@article{fac15,
year={2015},
journal={Formal Aspects of Computing},
title={Frama-C: A software analysis perspective},
publisher={Springer London},
keywords={Formal verification; Static analysis; Dynamic analysis; C},
author={Kirchner, Florent and Kosmatov, Nikolai and Prevosto, Virgile and Signoles, Julien and Yakobowski, Boris},
pages={1-37},
language={English},
note={Extended version of \cite{sefm12}},
}
