@article{DBLP:journals/tse/McCabe76,
  author    = {Thomas J. McCabe},
  title     = {A Complexity Measure},
  journal   = {IEEE Trans. Software Eng.},
  volume    = {2},
  number    = {4},
  year      = {1976},
  pages     = {308-320},
  bibsource = {DBLP, http://dblp.uni-trier.de}
}

@Book{HalsteadComplexity,
  author =    {Maurice H. Halstead},
  ALTeditor =    {},
  title =        {{Elements of Software Science}},
  publisher =    {Elsevie North-Holland},
  year =         {1977},
  OPTkey =       {},
  OPTvolume =    {},
  OPTnumber =    {},
  OPTseries =    {},
  OPTaddress =   {},
  OPTedition =   {},
  OPTmonth =     {},
  OPTnote =      {},
  OPTannote =    {}
}
