@MANUAL{standardc99,
  title = {The {ANSI C} standard ({C99})},
  organization = {International Organization for Standardization ({ISO})},
  key = {C99},
  note = {\url{http://www.open-std.org/JTC1/SC22/WG14/www/docs/n1124.pdf}}
}

@Misc{Boolector,
  title =	 {{Boolector}},
  author = {Biere, Armin},
  note =	 {\url{http://fmv.jku.at/boolector/}}
}

@Misc{cil,
title={{The C Intermediate Language (CIL) library}},
author={{Berkeley University}},
howpublished={\url{http://manju.cs.berkeley.edu/cil/}}
}

@MANUAL{framacvalueanalysis,
  title = {Frama-C's value analysis plug-in},
  author={Pascal Cuoq and Boris Yakobowski and Virgile Prevosto},
  organization = {CEA List, Software Reliability Laboratory},
  note = {\url{http://frama-c.com/download/frama-c-eva-manual.pdf}}
}

@MANUAL{framacwp,
  title = {WP plug-in Manual},
  author={Lo\"ic Correnson and Zaynah Dargaye and Anne Pacalet},
  organization = {CEA List, Software Reliability Laboratory}
}

@MANUAL{framacdev,
  title = {Plug-in Development Guide},
  author={{Julien Signoles with Lo\"ic Correnson, Matthieu Lemerre and 
Virgile Prevosto}},
  organization = {CEA List, Software Reliability Laboratory}
}
