
@article{Dijkstra1968,
	Author = {Dijkstra, Edsger W.},
	Journal = {BIT Numerical Mathematics},
	Title = {A constructive approach to program correctness},
	Volume = {Springer},
	Year = {1968}}

@article{Floyd1967,
	Author = {Floyd, R. W.},
	Journal = {Proceedings of the American Mathematical Society Symposia on Applied Mathematics},
	Title = {Assigning meanings to programs},
	Volume = {19},
	Year = {1967}}

@article{Hoare1969,
	Author = {Hoare, C. A. R.},
	Journal = {Communications of the ACM},
	Title = {An axiomatic basis for computer programming},
	Year = {1969}}

@techreport{Filliatre2003,
	Author = {Filli{\^a}tre, J.-C.},
	Institution = {{LRI, Universit\'e Paris Sud}},
	Month = {March},
	Number = {1366},
	Title = {{Why: a multi-language multi-prover verification tool}},
	Type = {{Research Report}},
	Year = {2003}}

@article{Why3,
  Author = {Fran\c{c}ois Bobot and Jean-Christophe Filli\^atre and Claude March\'e and Andrei Paskevich},
  Title = {Why3: Shepherd Your Herd of Provers},
  Journal = {First International Workshop on Intermediate Verification Languages},
  Month = {August},
  Year = {2011}}

@manual{Leino2008,
	Author = {Leino, K. Rustan M.},
	Organization = {Microsoft Research},
	Title = {This is Boogie 2},
	Year = {2008}}

@manual{Jessie2009,
  title = {Jessie Plugin Tutorial, \emph{Beryllium} version},
  author = {Yannick Moy and Claude March\'e},
  organization = {INRIA},
  year = 2009,
  note = {\url{http://www.frama-c.cea.fr/jessie.html}},
  url = {http://www.frama-c.cea.fr/jessie.html},
  topics = {team,lri},
  type_publi = {manuel},
  x-equipes = {demons PROVAL},
  x-type = {manuel},
  x-support = {diffusion},
  x-pdf = {http://www.frama-c.cea.fr/jessie/main.pdf}
}

@article{Burstall1972,
  title = {Some techniques for proving correctness of programs which alter data structures},
  author = {R. M. Burstall},
  journal = {Machine Intelligence},
  year = {1972}}

@inproceedings{FlanaganSaxe2001,
    author = {Flanagan, Cormac and Saxe, James B.},
    booktitle = {Conference Record of the 28th Annual ACM Symposium on Principles of Programming Languages},
    citeulike-article-id = {343420},
    keywords = {escjava},
    month = jan,
    pages = {193--205},
    posted-at = {2005-10-07 11:19:03},
    priority = {0},
    publisher = {ACM},
    title = {{Avoiding Exponential Explosion: Generating Compact Verification Conditions}},
    year = {2001}
}

@MISC{Leino2003,
  Title = {Efficient weakest preconditions},
  Author = {K. Rustan Leino},
  Year = 2003,
  Organization = {Microsoft Research}
}

@MISC{AltErgo2006,
  author = {Sylvain Conchon and Evelyne Contejean and Johannes Kanig},
  title = {{Ergo : a theorem prover for polymorphic first-order logic
  modulo theories}},
  year = 2006,
  abstract = {Ergo is a little engine of proof dedicated to program
  verification. It fully supports quantifiers and directly handles
  polymorphic sorts. Its core component is CC(X), a new combination
  scheme for the theory of uninterpreted symbols and a built-in theory
  X. Its architecture is highly modular and it consists only of 3000
  lines of Ocaml code. It is currently used to prove correctness of
  C and Java programs.},
  url = {http://ergo.lri.fr/papers/ergo.ps}
}

@inproceedings{CVC4,
  url       = "http://www.cs.stanford.edu/~barrett/pubs/BCD+11.pdf",
  author    = "Clark Barrett and Christopher L. Conway and Morgan Deters and
               Liana Hadarean and Dejan Jovanovi{'{c}} and Tim King and
               Andrew Reynolds and Cesare Tinelli",
  title     = "{CVC4}",
  booktitle = "Proceedings of the 23rd International Conference on Computer Aided Verification (CAV '11)",
  series    = "Lecture Notes in Computer Science",
  volume    = 6806,
  publisher = "Springer",
  editor    = "Ganesh Gopalakrishnan and Shaz Qadeer",
  pages     = "171--177",
  month     = jul,
  year      = 2011,
  note      = "Snowbird, Utah",
  category  = "Conference Publications"
}

@InProceedings{Z3,
author="de Moura, Leonardo
and Bj{\o}rner, Nikolaj",
editor="Ramakrishnan, C. R.
and Rehof, Jakob",
title="Z3: An Efficient SMT Solver",
booktitle="Tools and Algorithms for the Construction and Analysis of Systems",
year="2008",
publisher="Springer Berlin Heidelberg",
address="Berlin, Heidelberg",
pages="337--340",
abstract="Satisfiability Modulo Theories (SMT) problem is a decision problem for logical first order formulas with respect to combinations of background theories such as: arithmetic, bit-vectors, arrays, and uninterpreted functions. Z3 is a new and efficient SMT Solver freely available from Microsoft Research. It is used in various software verification and analysis applications.",
isbn="978-3-540-78800-3"
}

@inproceedings{qed,
  author    = {Lo{\"{\i}}c Correnson},
  title     = {Qed. Computing What Remains to Be Proved},
  booktitle = {{NASA} Formal Methods - 6th International Symposium, {NFM} 2014, Houston,
               TX, USA, April 29 - May 1, 2014. Proceedings},
  year      = {2014},
  pages     = {215--229},
  url       = {http://dx.doi.org/10.1007/978-3-319-06200-6_17},
  doi       = {10.1007/978-3-319-06200-6_17},
  timestamp = {Wed, 08 Oct 2014 10:48:01 +0200},
  biburl    = {http://dblp.uni-trier.de/rec/bib/conf/nfm/Correnson14},
  bibsource = {dblp computer science bibliography, http://dblp.org}
}

@manual{Coq84,
  author = {{{Coq} Development Team}},
  title = {{The Coq Proof Assistant Reference Manual -- Version
 V8.4}},
  year = {2010},
  url = {http://coq.inria.fr}
}

@manual{userman,
  title  = {Frama-C User Manual},
  author = {Lo{\"{\i}}c Correnson and
            Pascal Cuoq and
            Florent Kirchner and
            Virgile Prevosto and
            Armand Puccetti and
            Julien Signoles and
            Boris Yakobowsky},
  year   = 2011,
  month  = December,
  note   = {\url{http://frama-c.cea.fr/download/user-manual-Fluorine-20130401.pdf}}
}
